<record><leader>00000cas a2200000 a 4500</leader><controlfield tag="001">11774090</controlfield><controlfield tag="008">850307d19371940ksuwr ne      0   a0eng d</controlfield><datafield ind1=" " ind2=" " tag="010"><subfield code="a">sn 85029148 </subfield></datafield><datafield ind1=" " ind2=" " tag="040"><subfield code="a">KSH</subfield><subfield code="b">eng</subfield><subfield code="c">KSH</subfield><subfield code="d">NPT</subfield><subfield code="d">OCL</subfield><subfield code="d">OCLCQ</subfield></datafield><datafield ind1=" " ind2=" " tag="042"><subfield code="a">msc</subfield></datafield><datafield ind1="0" ind2="4" tag="245"><subfield code="a">The Western advocate and the Formoso new era.</subfield></datafield><datafield ind1=" " ind2=" " tag="260"><subfield code="a">Mankato, Kan. :</subfield><subfield code="b">M.W. &amp; John F. Hale,</subfield><subfield code="c">1937-1940.</subfield></datafield><datafield ind1=" " ind2=" " tag="300"><subfield code="a">4 v. :</subfield><subfield code="b">ill. ;</subfield><subfield code="c">54 cm.</subfield></datafield><datafield ind1=" " ind2=" " tag="310"><subfield code="a">Weekly</subfield></datafield><datafield ind1="0" ind2=" " tag="362"><subfield code="a">Vol. 46, no. 39 (Apr. 15, 1937)-v. 50, no. 19 (Nov. 28, 1940).</subfield></datafield><datafield ind1=" " ind2=" " tag="752"><subfield code="a">United States</subfield><subfield code="b">Kansas</subfield><subfield code="c">Jewell</subfield><subfield code="d">Mankato.</subfield></datafield><datafield ind1="0" ind2="4" tag="780"><subfield code="t">Western advocate (Burr Oak, Kan.)</subfield><subfield code="w">(DLC)sn 85029149</subfield></datafield><datafield ind1="0" ind2="4" tag="780"><subfield code="t">New era (Formoso, Kan.)</subfield><subfield code="w">(DLC)sn 85029156</subfield></datafield><datafield ind1="0" ind2="7" tag="785"><subfield code="t">Jewell County monitor (Mankato, Kan. : 1906)</subfield><subfield code="w">(DLC)sn 85029931</subfield></datafield><datafield ind1="0" ind2="7" tag="785"><subfield code="t">Western advocate (Mankato, Kan.)</subfield><subfield code="w">(DLC)sn 85029147</subfield></datafield></record>